@article{mishchenko11,
  author  = "Mishchenko, Yuriy and Vogelstein, Joshua T. and Paninski, Liam",
  title   = "A Bayesian Approach for Inferring Neuronal Connectivity from Calcium Fluorescent Imaging Data",
  journal = "The Annals of Applied Statistics",
  year    = "2011",
  volume  = "5.2B",
  pages   = "1229-1261",
}

@article{chen13,
  author  = "Chen, Tsai-Wen and et al.",
  title   = "Ultrasensitive Fluorescent Proteins for Imaging Neuronal Activity",
  journal = "Nature",
  volume  = "499.7458",
  year    = "2013",
  pages   = "295-300",
}

@misc{globalmit,
  author = "Vinh, N. X. and Chetty, M., Coppel, R. and Wangikar, P. P.",
  year   = "2011",
  title  = "GlobalMIT: Learning Globally Optimal Dynamic Bayesian Network with the Mutual Information Test (MIT) Criterion doi:10.1093/bioinformatics/btr457",
}

@article{vinh11,
  author  = "Vinh, N. X. and Chetty, M., Coppel, R. and Wangikar, P. P.",
  title   = "Polynomial Time Algorithm for Learning Globally Optimal Dynamic Bayesian Network",
  journal = "Neural Information Processing",
  pages   = "719-729",
  year    = "2011",
}